<?xml version="1.0" encoding="UTF-8"?><record xmlns="http://www.loc.gov/MARC21/slim" xmlns:cinclude="http://apache.org/cocoon/include/1.0" xmlns:zs="http://www.loc.gov/zing/srw/">
  <leader>00639cz  a2200169n  4500</leader>
  <controlfield tag="001">n 2008080625</controlfield>
  <controlfield tag="003">DLC</controlfield>
  <controlfield tag="005">20081203081537.0</controlfield>
  <controlfield tag="008">081201n| acannaabn          |a ana      </controlfield>
  <datafield tag="010" ind1=" " ind2=" ">
    <subfield code="a">n 2008080625</subfield>
  </datafield>
  <datafield tag="040" ind1=" " ind2=" ">
    <subfield code="a">DLC</subfield>
    <subfield code="b">eng</subfield>
    <subfield code="c">DLC</subfield>
  </datafield>
  <datafield tag="110" ind1="2" ind2=" ">
    <subfield code="a">Université de Rouen.</subfield>
    <subfield code="b">Centre d'études des systèmes juridiques</subfield>
  </datafield>
  <datafield tag="410" ind1="2" ind2=" ">
    <subfield code="a">Centre d'études des systèmes juridiques (Rouen, France)</subfield>
  </datafield>
  <datafield tag="410" ind1="2" ind2=" ">
    <subfield code="a">Centre d'études des systèmes juridiques-Université de Rouen</subfield>
  </datafield>
  <datafield tag="410" ind1="2" ind2=" ">
    <subfield code="a">CESJ-Université de Rouen</subfield>
  </datafield>
  <datafield tag="410" ind1="2" ind2=" ">
    <subfield code="a">CESJ (Rouen, France)</subfield>
  </datafield>
  <datafield tag="670" ind1=" " ind2=" ">
    <subfield code="a">Les ports dans l'acte II de la décentralisation, c2007:</subfield>
    <subfield code="b">t.p. (CESJ-Université de Rouen)</subfield>
  </datafield>
</record>